<?xml version="1.0" encoding="utf-8"?>
<record xmlns="http://www.loc.gov/MARC21/slim" xmlns:xsi="http://www.w3.org/2001/XMLSchema-instance" xsi:schemaLocation="http://www.loc.gov/MARC21/slim http://www.loc.gov/standards/marcxml/schema/MARC21slim.xsd">
	<leader>     nam a22     Mi 4500</leader>
	<controlfield tag="001">b12541175</controlfield>
	<controlfield tag="003">LeBAU</controlfield>
	<controlfield tag="006">m        d        </controlfield>
	<controlfield tag="007">cr cn |||m|||a</controlfield>
	<controlfield tag="008">210713m19471965ua      ob    ||1 0 ara d</controlfield>
	<datafield ind1=" " ind2=" " tag="040">
		<subfield code="a">ZYU</subfield>
		<subfield code="b">ara</subfield>
		<subfield code="e">rda</subfield>
		<subfield code="c">ZYU</subfield>
	</datafield>
	<datafield ind1=" " ind2=" " tag="043">
		<subfield code="a">f-ua---</subfield>
	</datafield>
	<datafield ind1="0" ind2="4" tag="082">
		<subfield code="a">892.709</subfield>
		<subfield code="2">23</subfield>
	</datafield>
	<datafield ind1="1" ind2=" " tag="100">
		<subfield code="6">880-01</subfield>
		<subfield code="a">Salīm, Maḥmūd Rizq.</subfield>
		<subfield code="e">author.</subfield>
		<subfield code="0">http://id.loc.gov/authorities/names/n88610812 ,</subfield>
	</datafield>
	<datafield ind1="1" ind2="0" tag="245">
		<subfield code="6">880-02</subfield>
		<subfield code="a">ʻAṣr salāṭīn al-Mamālīk wa-nitājuhu al-ʻilmī wa-al-adabī /</subfield>
		<subfield code="c">taʼlīf Maḥmūd Rizq Salīm, al-mudarris bi-kullīyat al-lughah al-ʻArabīyah.</subfield>
	</datafield>
	<datafield ind1=" " ind2="1" tag="264">
		<subfield code="6">880-03</subfield>
		<subfield code="a">[al-Qāhirah] :</subfield>
		<subfield code="b">Maktabat al-Ādāb,</subfield>
		<subfield code="c">1366-1385 H. = 1947-1965 M.</subfield>
	</datafield>
	<datafield ind1=" " ind2=" " tag="300">
		<subfield code="6">880-04</subfield>
		<subfield code="a">online resource (8 volumes)</subfield>
	</datafield>
	<datafield ind1=" " ind2=" " tag="336">
		<subfield code="a">text</subfield>
		<subfield code="2">rdacontent</subfield>
	</datafield>
	<datafield ind1=" " ind2=" " tag="337">
		<subfield code="a">computer</subfield>
		<subfield code="2">rdamedia</subfield>
	</datafield>
	<datafield ind1=" " ind2=" " tag="338">
		<subfield code="a">online resource</subfield>
		<subfield code="2">rdacarrier</subfield>
	</datafield>
	<datafield ind1=" " ind2=" " tag="500">
		<subfield code="a">Part of the Arabic Collections Online (ACO) project, contributed by American University of Beirut's Jafet Memorial Library.</subfield>
	</datafield>
	<datafield ind1=" " ind2=" " tag="533">
		<subfield code="a">Electronic reproduction.</subfield>
		<subfield code="b">New York, N.Y. :</subfield>
		<subfield code="c">New York University,</subfield>
		<subfield code="d">2021.</subfield>
		<subfield code="5">NNU</subfield>
	</datafield>
	<datafield ind1=" " ind2="0" tag="650">
		<subfield code="6">880-05</subfield>
		<subfield code="a">Arabic literature</subfield>
		<subfield code="z">Egypt</subfield>
		<subfield code="x">History and criticism.</subfield>
	</datafield>
	<datafield ind1=" " ind2="0" tag="650">
		<subfield code="6">880-06</subfield>
		<subfield code="a">Mamelukes</subfield>
		<subfield code="x">Intellectual life.</subfield>
	</datafield>
	<datafield ind1=" " ind2="0" tag="651">
		<subfield code="6">880-07</subfield>
		<subfield code="a">Egypt</subfield>
		<subfield code="x">History.</subfield>
	</datafield>
	<datafield ind1="2" ind2=" " tag="710">
		<subfield code="a">Jafet Memorial Library.</subfield>
	</datafield>
	<datafield ind1="0" ind2=" " tag="730">
		<subfield code="a">Arabic Collections Online.</subfield>
	</datafield>
	<datafield ind1="0" ind2="8" tag="775">
		<subfield code="6">880-08</subfield>
		<subfield code="i">has designation of edition</subfield>
		<subfield code="4">http://rdaregistry.info/Elements/m/P30133 :</subfield>
		<subfield code="a">Salīm, Maḥmūd Rizq.</subfield>
		<subfield code="t">ʻAṣr salāṭīn al-Mamālīk wa-nitājuhu al-ʻilmī wa-al-adabī.</subfield>
		<subfield code="b">al-Ṭabʻah al-thāniyah.</subfield>
		<subfield code="d">[al-Qāhirah] : Maktabat al-Ādāb wa-Maṭbaʻatuhā, 1381- H. = 1962- M.</subfield>
		<subfield code="w">(LEAUB)b25922701</subfield>
	</datafield>
	<datafield ind1="0" ind2="8" tag="776">
		<subfield code="i">Print version:</subfield>
		<subfield code="a">Salīm, Maḥmūd Rizq. author. http://id.loc.gov/authorities/names/n88610812 ,</subfield>
		<subfield code="t">ʻAṣr salāṭīn al-Mamālīk wa-nitājuhu al-ʻilmī wa-al-adabī</subfield>
		<subfield code="w">(LeBAU)b12541175</subfield>
	</datafield>
	<datafield ind1="4" ind2="0" tag="856">
		<subfield code="u">http://hdl.handle.net/2333.1/stqjqd15</subfield>
	</datafield>
	<datafield ind1="1" ind2=" " tag="880">
		<subfield code="6">100-01</subfield>
		<subfield code="a">سليم، محمود رزق،</subfield>
		<subfield code="0">http://id.loc.gov/authorities/names/n88610812 ,</subfield>
		<subfield code="e">مؤلف.</subfield>
		<subfield code="4">aut.</subfield>
	</datafield>
	<datafield ind1="1" ind2="0" tag="880">
		<subfield code="6">245-02</subfield>
		<subfield code="a">عصر سلاطين المماليك ونتاجه العلمي والأدبي /</subfield>
		<subfield code="c">تأليف محمود رزق سليم، المدرس بكلية اللغة العربية.</subfield>
	</datafield>
	<datafield ind1=" " ind2="1" tag="880">
		<subfield code="6">264-03</subfield>
		<subfield code="a">[القاهرة] :</subfield>
		<subfield code="b">مكتبة الآداب،</subfield>
		<subfield code="c">1366-1385 هـ = 1947-1965 م.</subfield>
	</datafield>
	<datafield ind1=" " ind2=" " tag="880">
		<subfield code="6">300-04</subfield>
		<subfield code="a">8 اجزاء ؛</subfield>
		<subfield code="c">25 سم</subfield>
	</datafield>
	<datafield ind1=" " ind2=" " tag="880">
		<subfield code="6">500-00</subfield>
		<subfield code="a">4 اجزاء ببليوغرافية في 8 اجزاء مادية.</subfield>
	</datafield>
	<datafield ind1=" " ind2=" " tag="880">
		<subfield code="6">504-00</subfield>
		<subfield code="a">يتضمن مراجع ببليوغرافية وكشافات.</subfield>
	</datafield>
	<datafield ind1="0" ind2=" " tag="880">
		<subfield code="6">505-00</subfield>
		<subfield code="a">المجلد الأول، وهو القسم الأول من الجزء الأول. ويحتوي على خلاصات في سير ملوك هذا العصر، وأحوال الدولة ونظمها وعاداتها وما يتصل بذلك من شؤون، مع ترجمة كثير من رجالها -- المجلد الثاني، وهو القسم الثاني من الجزء الأول --المجلد الثالث، وهو القسم الأول من الجزء الثاني. في الحركة العلمية -- المجلد الرابع، وهو القسم الثاني من الجزء الثاني. في الحركة العلمية --المجلد الخامس، وهو القسم الأول من الجزء الثالث. في النثر الفني --المجلد السادس، وهو القسم الأول من الجزء الثالث. في النثر الفني -- المجلد السابع، وهو القسم الأول من الجزء الرابع. في أثر البيئة المصرية في الشعر --المجلد الثامن، وهو القسم الثاني من الجزء الرابع. في أثر البيئة المصرية في الشعر.</subfield>
	</datafield>
	<datafield ind1=" " ind2=" " tag="880">
		<subfield code="6">590-00</subfield>
		<subfield code="a">في المكتبة: المجلد السابع وهو القسم الاول من الجزء الرابع والمجلد الثامن وهو القسم الثاني من الجزء الرابع طبعة اولى.</subfield>
	</datafield>
	<datafield ind1=" " ind2="4" tag="880">
		<subfield code="6">650-05</subfield>
		<subfield code="a">الادب العربي</subfield>
		<subfield code="z">مصر</subfield>
		<subfield code="x">تاريخ ونقد.</subfield>
	</datafield>
	<datafield ind1=" " ind2="4" tag="880">
		<subfield code="6">650-06</subfield>
		<subfield code="a">المماليك</subfield>
		<subfield code="x">الحياة الفكرية.</subfield>
	</datafield>
	<datafield ind1=" " ind2="4" tag="880">
		<subfield code="6">651-07</subfield>
		<subfield code="a">مصر</subfield>
		<subfield code="x">تاريخ.</subfield>
	</datafield>
	<datafield ind1="0" ind2="8" tag="880">
		<subfield code="6">775-08</subfield>
		<subfield code="i">دلالة على الطبعة</subfield>
		<subfield code="4">http://rdaregistry.info/Elements/m/P30133 :</subfield>
		<subfield code="a">سليم، محمود رزق.</subfield>
		<subfield code="t">عصر سلاطين المماليك ونتاجه العلمي والأدبي.</subfield>
		<subfield code="b">الطبعة الثانية.</subfield>
		<subfield code="d">[القاهرة] : مكتبة الآداب ومطبعتها، 1381- هـ. = 1962- م.</subfield>
		<subfield code="w">(LEAUB)b25922701</subfield>
	</datafield>
	<datafield ind1=" " ind2=" " tag="959">
		<subfield code="a">NNU</subfield>
		<subfield code="b">WEB</subfield>
		<subfield code="c">GENI</subfield>
		<subfield code="t">0</subfield>
		<subfield code="m">Electronic access</subfield>
		<subfield code="s">01</subfield>
	</datafield>
	<datafield ind1=" " ind2=" " tag="999">
		<subfield code="i">LeBAU_b12541175</subfield>
		<subfield code="s">aub_aco004603:v.1</subfield>
		<subfield code="s">aub_aco004604:v.1</subfield>
		<subfield code="s">aub_aco004605:v.2</subfield>
		<subfield code="s">aub_aco004606:v.2</subfield>
		<subfield code="s">aub_aco004607:v.3</subfield>
		<subfield code="s">aub_aco004608:v.3</subfield>
		<subfield code="s">aub_aco004609:v.4</subfield>
		<subfield code="s">aub_aco004610:v.4</subfield>
		<subfield code="e">(ERROR-MISC)</subfield>
		<subfield code="s">aub_aco004603:v.1</subfield>
		<subfield code="s">aub_aco004604:v.1</subfield>
		<subfield code="s">aub_aco004605:v.2</subfield>
		<subfield code="s">aub_aco004606:v.2</subfield>
		<subfield code="s">aub_aco004607:v.3</subfield>
		<subfield code="s">aub_aco004608:v.3</subfield>
		<subfield code="s">aub_aco004609:v.4</subfield>
		<subfield code="s">aub_aco004610:v.4</subfield>
	</datafield>
</record>
